%===========================================================

@book{UAVBook,
author = {Beard, Randal W. and McLain, Timothy W.},
title = {{Small Unmanned Aircraft: Theory and Practice}},
year = {2012},
publisher={Princeton University Press}
}

%===========================================================
% Quaternion Math
%===========================================================

@article{Sola2017,
  title={Quaternion kinematics for the error-state Kalman filter},
  author={Sola, Joan},
  journal={arXiv preprint arXiv:1711.02508},
  year={2017}
}
